<?xml version="1.0" encoding="UTF-8"?><record xmlns="http://www.loc.gov/MARC21/slim" xmlns:cinclude="http://apache.org/cocoon/include/1.0" xmlns:zs="http://www.loc.gov/zing/srw/">
  <leader>00313nz  a2200121n  4500</leader>
  <controlfield tag="001">n  96117228 </controlfield>
  <controlfield tag="003">DLC</controlfield>
  <controlfield tag="005">19961205092608.1</controlfield>
  <controlfield tag="008">961205n| acannaab|          |n aaa |||  </controlfield>
  <datafield tag="010" ind1=" " ind2=" ">
    <subfield code="a">n  96117228 </subfield>
  </datafield>
  <datafield tag="040" ind1=" " ind2=" ">
    <subfield code="a">DLC</subfield>
    <subfield code="c">DLC</subfield>
  </datafield>
  <datafield tag="100" ind1="1" ind2="0">
    <subfield code="a">Curzon, Julian</subfield>
  </datafield>
  <datafield tag="670" ind1=" " ind2=" ">
    <subfield code="a">The great cyclone at St. Louis ... 1997:</subfield>
    <subfield code="b">t.p. (Julian Curzon)</subfield>
  </datafield>
</record>